<?xml version="1.0" encoding="UTF-8"?><collection xmlns="http://www.loc.gov/MARC21/slim"><record><leader>00503nam--2200145-i-4500</leader><controlfield tag="001">000015802</controlfield><controlfield tag="002">20161230</controlfield><controlfield tag="005">20170207232207</controlfield><controlfield tag="008">060222s1000------------r-----000-0-eng-d</controlfield><datafield ind1=" " ind2=" " tag="245"><subfield code="a">Derived interventation levels for application in controlling radiation doses to the public in the event of a nuclear accident or radiological emergency. Principles, procedures and data</subfield></datafield><datafield ind1=" " ind2=" " tag="260"><subfield code="a">Vienna</subfield><subfield code="b">Iaea</subfield><subfield code="c">1986</subfield></datafield><datafield ind1=" " ind2=" " tag="300"><subfield code="a">105 p</subfield></datafield><datafield ind1=" " ind2=" " tag="490"><subfield code="a">Safety Series</subfield></datafield><datafield ind1=" " ind2=" " tag="852"><subfield code="a">621.039.588</subfield></datafield><datafield ind1=" " ind2=" " tag="CAT"><subfield code="a">SYS</subfield><subfield code="c">20170207</subfield><subfield code="h">232207</subfield></datafield></record></collection>